




@article{doi:10.1080/09535314.2012.761179,
author = { Arnold   Tukker  and  Erik   Dietzenbacher },
title = {GLOBAL MULTIREGIONAL INPUTâ€“OUTPUT FRAMEWORKS: AN INTRODUCTION AND OUTLOOK},
journal = {Economic Systems Research},
volume = {25},
number = {1},
pages = {1-19},
year = {2013},
doi = {10.1080/09535314.2012.761179},

URL = { 
        http://dx.doi.org/10.1080/09535314.2012.761179
    
},
eprint = { 
        http://dx.doi.org/10.1080/09535314.2012.761179
    
}

}


