@article{23192129,
  title = {{Climate policy: The Kyoto approach has failed.}},
  date = {2012 Nov 29},
  source = {Nature},
  authors = {Helm, D},
  author = {Helm, D},
  year = {2012},
  month = {Nov},
  journal = {Nature},
  volume = {491},
  number = {},
  pages = {663-5},
  pubmed_id = {23192129},
}
